
@book{rishi_2013,
    title = {Inside the Black Box: The Simple Truth About Quantitative Trading},
    author = {Rishi K. Narang},
    isbn = {9781118362419},
    series = {Wiley Finance Series},
    year = {2013},
    publisher = {Wiley}
}